@article{GaLaMa17,
  author    = {Nicolas Gast and Diego Latella and Mieke Massink},
  title     = {A Refined Mean Field Approximation of Synchronous Discrete-Time Population Models},
  journal   = {Performance Evaluation},
  volume    = { },
  pages     = { },
  year      = {2018},
  note = {Accepted for publication}
}
%techreport{GaLaMa17,
%  title={A Refined Mean Field Approximation of Synchronous
%    Discrete-Time Population Models},
%    author={Gast, Nicolas and Latella, Diego and Massink, Mieke},
%    year={2018}
%    }



@article{latella2013fly,
  author    = {Diego Latella and
               Michele Loreti and
               Mieke Massink},
  title     = {On-the-fly {PCTL} fast mean-field approximated model-checking for
               self-organising coordination},
  journal   = {Sci. Comput. Program.},
  volume    = {110},
  pages     = {23--50},
  year      = {2015},
  url       = {https://doi.org/10.1016/j.scico.2015.06.009},
  doi       = {10.1016/j.scico.2015.06.009},
  timestamp = {Thu, 08 Jun 2017 08:59:09 +0200},
  biburl    = {https://dblp.org/rec/bib/journals/scp/LatellaLM15},
  bibsource = {dblp computer science bibliography, https://dblp.org}
}
%inproceedings{latella2013fly,
%  title={On-the-fly fast mean-field model-checking},
%  author={Latella, Diego and Loreti, Michele and Massink, Mieke},
%  booktitle={International Symposium on Trustworthy Global Computing},
%  pages={297--314},
%  year={2013},
%  organization={Springer}
%}

@article{BHLM13,
  author    = {Luca Bortolussi and
               Jane Hillston and
               Diego Latella and
               Mieke Massink},
  title     = {Continuous approximation of collective system behaviour: {A} tutorial},
  journal   = {Perform. Eval.},
  volume    = {70},
  number    = {5},
  pages     = {317--349},
  year      = {2013},
  url       = {https://doi.org/10.1016/j.peva.2013.01.001},
  doi       = {10.1016/j.peva.2013.01.001},
  timestamp = {Sat, 27 May 2017 14:23:30 +0200},
  biburl    = {https://dblp.org/rec/bib/journals/pe/BortolussiHLM13},
  bibsource = {dblp computer science bibliography, https://dblp.org}
}
%article{BHLM13,
%  author    = {Luca Bortolussi and
%               Jane Hillston and
%               Diego Latella and
%               Mieke Massink},
%  title     = {Continuous approximation of collective system behaviour: {A} tutorial},
%  journal   = {Perform. Eval.},
%  volume    = {70},
%  number    = {5},
%  pages     = {317--349},
%  year      = {2013},
%  doi       = {10.1016/j.peva.2013.01.001}
%}



@article{Mo+11,
  author    = {Marco Antonio Montes de Oca and
               Eliseo Ferrante and
               Alexander Scheidler and
               Carlo Pinciroli and
               Mauro Birattari and
               Marco Dorigo},
  title     = {Majority-rule opinion dynamics with differential latency: a mechanism
               for self-organized collective decision-making},
  journal   = {Swarm Intelligence},
  volume    = {5},
  number    = {3-4},
  pages     = {305--327},
  year      = {2011},
  url       = {https://doi.org/10.1007/s11721-011-0062-z},
  doi       = {10.1007/s11721-011-0062-z},
  timestamp = {Thu, 08 Jun 2017 09:05:42 +0200},
  biburl    = {https://dblp.org/rec/bib/journals/swarm/OcaFSPBD11},
  bibsource = {dblp computer science bibliography, https://dblp.org}
}

@article{Sch11,
  title = {Dynamics of majority rule with differential latencies},
  author = {Scheidler, Alexander},
  journal = {Phys. Rev. E},
  volume = {83},
  issue = {3},
  pages = {031116-1 -- 031116-4},
  numpages = {4},
  year = {2011},
  month = {Mar},
  publisher = {American Physical Society},
  doi = {10.1103/PhysRevE.83.031116},
  url = {https://link.aps.org/doi/10.1103/PhysRevE.83.031116}
}
%article{Sch11,
%author = {Alexander Scheidler},
%title = {Dynamics of majority rule with differential latencies},
%journal = {Physical Review E},
%volume = {83},
%number = {3},
%pages = {031116-1 -- 031116-4},
%year = {2011},
%doi = {10.1103/PhysRevE.83.0031116}
%}

@inproceedings{Le+07,
  author    = {Jean{-}Yves Le Boudec and
               David D. McDonald and
               Jochen Mundinger},
  title     = {A Generic Mean Field Convergence Result for Systems of Interacting
               Objects},
  booktitle = {Proceedings of QEST 2007},
  pages     = {3--18},
  publisher = {{IEEE} Computer Society},
  year      = {2007},
  timestamp = {Fri, 26 May 2017 00:51:19 +0200},
  biburl    = {http://dblp.org/rec/bib/conf/qest/BoudecMM07},
  bibsource = {dblp computer science bibliography, http://dblp.org}
}

@article{braverman2017stein,
  title={Stein’s method for steady-state diffusion approximations of $ M/Ph/n+ M $ systems},
  author={Braverman, Anton and Dai, Jim},
  journal={The Annals of Applied Probability},
  volume={27},
  number={1},
  pages={550--581},
  year={2017},
  publisher={Institute of Mathematical Statistics}
}

@article{braverman2017stein2,
author = {Anton Braverman and J. G. Dai and Jiekun Feng},
title = {Stein’s Method for Steady-state Diffusion Approximations: An Introduction through the Erlang-A and Erlang-C Models},
journal = {Stochastic Systems},
volume = {6},
number = {2},
pages = {301-366},
year = {2016},
doi = {10.1287/15-SSY212},

URL = { 
        https://doi.org/10.1287/15-SSY212
    
},
eprint = { 
        https://doi.org/10.1287/15-SSY212
    
}
,
    abstract = { This paper provides an introduction to the Stein method framework in the context of steady-state diffusion approximations. The framework consists of three components: the Poisson equation and gradient bounds, generator coupling, and moment bounds. Working in the setting of the Erlang-A and Erlang-C models, we prove that both Wasserstein and Kolmogorov distances between the stationary distribution of a normalized customer count process, and that of an appropriately defined diffusion process decrease at a rate of 1/R, where R is the offered load. Futhermore, these error bounds are universal, valid in any load condition from lightly loaded to heavily loaded. }
}
%article{braverman2017stein2,
%  title={Stein’s method for steady-state diffusion approximations: an introduction through the Erlang-A and Erlang-C models},
%  author={Braverman, Anton and Dai, JG and Feng, Jiekun},
%  journal={Stochastic Systems},
%  volume={6},
%  number={2},
%  pages={301--366},
%  year={2017},
%  publisher={INFORMS}
%}



@article{ying2017stein,
  author    = {Lei Ying},
  title     = {Stein's Method for Mean Field Approximations in Light and Heavy Traffic
               Regimes},
  journal   = {{POMACS}},
  volume    = {1},
  number    = {1},
  pages     = {12:1--12:27},
  year      = {2017},
  url       = {http://doi.acm.org/10.1145/3084449},
  doi       = {10.1145/3084449},
  timestamp = {Tue, 20 Jun 2017 10:02:19 +0200},
  biburl    = {https://dblp.org/rec/bib/journals/pomacs/Ying17},
  bibsource = {dblp computer science bibliography, https://dblp.org}
}
%article{ying2017stein,
%  title={Stein's Method for Mean Field Approximations in Light and Heavy Traffic Regimes},
%  author={Ying, Lei},
%  journal={Proceedings of the ACM on Measurement and Analysis of Computing Systems},
%  volume={1},
%  number={1},
%  pages={12},
%  year={2017},
%  publisher={ACM}
%}



@article{minnebo2,
  author    = {Wouter Minnebo and
               Benny Van Houdt},
  title     = {A Fair Comparison of Pull and Push Strategies in Large Distributed
               Networks},
  journal   = {{IEEE/ACM} Trans. Netw.},
  volume    = {22},
  number    = {3},
  pages     = {996--1006},
  year      = {2014},
  url       = {https://doi.org/10.1109/TNET.2013.2270445},
  doi       = {10.1109/TNET.2013.2270445},
  timestamp = {Sat, 27 May 2017 14:24:28 +0200},
  biburl    = {https://dblp.org/rec/bib/journals/ton/MinneboH14},
  bibsource = {dblp computer science bibliography, https://dblp.org}
}
%article{minnebo2,
%AUTHOR="W. Minnebo and Van Houdt, B.",
%TITLE="A Fair Comparison of Pull and Push Strategies in
%Large Distributed Networks", 
%journal = {IEEE/ACM Transactions on Networking},
%volume = {22},
%issue = {3},
%pages = {996-1006},
%YEAR="2014"} 

@article{massoulie1,
 author = {Massouli{\'e}, L. and Vojnovi\'{c}, M.},
 title = {Coupon Replication Systems},
 journal = {SIGMETRICS Perform. Eval. Rev.},
 issue_date = {June 2005},
 volume = {33},
 number = {1},
 month = jun,
 year = {2005},
 issn = {0163-5999},
 pages = {2--13},
 url = {http://doi.acm.org/10.1145/1071690.1064215},
 doi = {10.1145/1071690.1064215},
 acmid = {1064215},
 publisher = {ACM},
 address = {New York, NY, USA},
 keywords = {content distribution, file swarming, peer-to-peer},
} 



@inproceedings{gast2017expected,
  author    = {Nicolas Gast},
  title     = {Expected Values Estimated via Mean-Field Approximation are 1/N-Accurate},
  booktitle = {Proceedings of the 2017 {ACM} {SIGMETRICS}},
  pages     = {50},
  publisher = {{ACM}},
  year      = {2017},
  timestamp = {Tue, 20 Jun 2017 14:28:07 +0200},
  biburl    = {https://dblp.org/rec/bib/conf/sigmetrics/Gast17},
  bibsource = {dblp computer science bibliography, https://dblp.org}
}
%article{gast2017expected,
%  title={Expected values estimated via mean-field approximation are 1/N-accurate},
%  author={Gast, Nicolas},
%  journal={Proceedings of the ACM on Measurement and Analysis of Computing Systems},
%  volume={1},
%  number={1},
%  pages={17},
%  year={2017},
%  publisher={ACM}
%}



@article{gast2017refined,
 author = {Gast, Nicolas and Van Houdt, Benny},
 title = {A Refined Mean Field Approximation},
 journal = {Proc. ACM Meas. Anal. Comput. Syst.},
 issue_date = {December 2017},
 volume = {1},
 number = {2},
 month = dec,
 year = {2017},
 issn = {2476-1249},
 pages = {33:1--33:28},
 articleno = {33},
 numpages = {28},
 acmid = {3154491},
 publisher = {ACM},
 address = {New York, NY, USA},
 keywords = {mean-field approximation, queuing theory, refined mean-field, supermarket model},
} 
%article{gast2017refined,
%  title={A Refined Mean Field Approximation},
%  author={Gast, Nicolas and Van Houdt, Benny},
%  journal={Proceedings of the ACM on Measurement and Analysis of Computing Systems},
%  year={2018},
%  publisher={ACM}
%}

@ARTICLE{kolokoltsov2011mean,
   author = {{Kolokoltsov}, V.~N. and {Li}, J. and {Yang}, W.},
    title = "{Mean Field Games and Nonlinear Markov Processes}",
  journal = {ArXiv e-prints},
archivePrefix = "arXiv",
   eprint = {1112.3744},
 primaryClass = "math.PR",
 keywords = {Mathematics - Probability},
     year = 2011,
   adsurl = {http://adsabs.harvard.edu/abs/2011arXiv1112.3744K},
  adsnote = {Provided by the SAO/NASA Astrophysics Data System}
}
%article{kolokoltsov2011mean,
%  title={Mean field games and nonlinear Markov processes},
%  author={Kolokoltsov, Vassili N and Li, Jiajie and Yang, Wei},
%  journal={arXiv preprint arXiv:1112.3744},
%  year={2011}
%}

@article{stein1986approximate,
 ISSN = {07492170},
 URL = {http://www.jstor.org/stable/4355512},
 author = {Charles Stein},
 journal = {Lecture Notes-Monograph Series},
 pages = {i--164},
 publisher = {Institute of Mathematical Statistics},
 title = {Approximate Computation of Expectations},
 volume = {7},
 year = {1986}
}
%article{stein1986approximate,
%  title={Approximate computation of expectations},
%  author={Stein, Charles},
%  journal={Lecture Notes-Monograph Series},
%  volume={7},
%  pages={i--164},
%  year={1986},
%  publisher={JSTOR}
%}

@article{bortolussi2013bounds,
  author    = {Luca Bortolussi and
               Richard A. Hayden},
  title     = {Bounds on the deviation of discrete-time Markov chains from their
               mean-field model},
  journal   = {Perform. Eval.},
  volume    = {70},
  number    = {10},
  pages     = {736--749},
  year      = {2013},
  url       = {https://doi.org/10.1016/j.peva.2013.08.012},
  doi       = {10.1016/j.peva.2013.08.012},
  timestamp = {Sat, 27 May 2017 14:23:30 +0200},
  biburl    = {https://dblp.org/rec/bib/journals/pe/BortolussiH13},
  bibsource = {dblp computer science bibliography, https://dblp.org}
}
%article{bortolussi2013bounds,
%  title={Bounds on the deviation of discrete-time Markov chains from their mean-field model},
%  author={Bortolussi, Luca and Hayden, Richard A},
%  journal={Performance Evaluation},
%  volume={70},
%  number={10},
%  pages={736--749},
%  year={2013},
%  publisher={Elsevier}
%}

@phdthesis{mitzenmacher1996power,
  title={The Power of Two Random Choices in Randomized Load Balancing},
  author={Mitzenmacher, Michael David},
  year={1996},
  school={PhD thesis, Graduate Division of the University of California at Berkley}
}



@article{mitzenmacher2001power,
  author    = {Michael Mitzenmacher},
  title     = {The Power of Two Choices in Randomized Load Balancing},
  journal   = {{IEEE} Trans. Parallel Distrib. Syst.},
  volume    = {12},
  number    = {10},
  pages     = {1094--1104},
  year      = {2001},
  url       = {https://doi.org/10.1109/71.963420},
  doi       = {10.1109/71.963420},
  timestamp = {Sat, 27 May 2017 14:23:24 +0200},
  biburl    = {https://dblp.org/rec/bib/journals/tpds/Mitzenmacher01},
  bibsource = {dblp computer science bibliography, https://dblp.org}
}
%article{mitzenmacher2001power,
%  title={The power of two choices in randomized load balancing},
%  author={Mitzenmacher, Michael},
%  journal={IEEE Transactions on Parallel and Distributed Systems},
%  volume={12},
%  number={10},
%  pages={1094--1104},
%  year={2001},
%  publisher={IEEE}
%}

@article{vvedenskaya1996queueing,
  title={Queueing system with selection of the shortest of two queues: An asymptotic approach},
  author={Vvedenskaya, Nikita Dmitrievna and Dobrushin, Roland L'vovich and Karpelevich, Fridrikh Izrailevich},
  journal={Problemy Peredachi Informatsii},
  volume={32},
  number={1},
  pages={20--34},
  year={1996},
  publisher={Russian Academy of Sciences, Branch of Informatics, Computer Equipment and Automatization}
}

@article{gast2010mean,
 author = {Gast, Nicolas and Bruno, Gaujal},
 title = {A Mean Field Model of Work Stealing in Large-scale Systems},
 journal = {SIGMETRICS Perform. Eval. Rev.},
 issue_date = {June 2010},
 volume = {38},
 number = {1},
 month = jun,
 year = {2010},
 issn = {0163-5999},
 pages = {13--24},
 url = {http://doi.acm.org/10.1145/1811099.1811042},
 doi = {10.1145/1811099.1811042},
 acmid = {1811042},
 publisher = {ACM},
 address = {New York, NY, USA},
 keywords = {grid computing, load balancing, mean field},
}

@article{kurtz70,
        title = {Solutions of {Ordinary} {Differential} {Equations} as {Limits} of {Pure} {Jump} {Markov} {Processes}},
        volume = {7},
        journal = {Journal of Applied Probability},
        author = {Kurtz, Thomas G},
        year = {1970},
        pages = {49--58}
}

@inproceedings{ying2016rate,
 author = {Ying, Lei},
 title = {On the Approximation Error of Mean-Field Models},
 booktitle = {Proceedings of ACM SIGMETRICS'16},
 year = {2016},
 isbn = {978-1-4503-4266-7},
 location = {Antibes Juan-les-Pins, France},
 url = {http://doi.acm.org/10.1145/2896377.2901463},
 doi = {10.1145/2896377.2901463},
 acmid = {2901463},
 publisher = {ACM},
 address = {New York, NY, USA},
 keywords = {approximation error, data center networks, cloud computing, mean-field models, perturbation theory, stein's method},
} 



@inproceedings{van2013mean,
  author    = {Benny Van Houdt},
  editor    = {Mor Harchol{-}Balter and
               John R. Douceur and
               Jun Xu},
  title     = {A mean field model for a class of garbage collection algorithms in
               flash-based solid state drives},
  booktitle = {{ACM} {SIGMETRICS} / International Conference on Measurement and Modeling
               of Computer Systems, {SIGMETRICS} '13, Pittsburgh, PA, USA, June 17-21,
               2013},
  pages     = {191--202},
  publisher = {{ACM}},
  year      = {2013},
  url       = {http://doi.acm.org/10.1145/2465529.2465543},
  doi       = {10.1145/2465529.2465543},
  timestamp = {Fri, 11 Mar 2016 18:34:11 +0100},
  biburl    = {https://dblp.org/rec/bib/conf/sigmetrics/Houdt13},
  bibsource = {dblp computer science bibliography, https://dblp.org}
}
%inproceedings{van2013mean,
%  title={A mean field model for a class of garbage collection algorithms in flash-based solid state drives},
%  author={Van Houdt, Benny},
%  booktitle={ACM SIGMETRICS Performance Evaluation Review},
%  publisher = {ACM},
%  address = {New York, NY, USA},
%  volume={41},
%  pages={191--202},
%  year={2013},
%  organization={ACM}
%}


@article{chaintreau2009age,
 author = {Chaintreau, Augustin and Le Boudec, Jean-Yves and Ristanovic, Nikodin},
 title = {The Age of Gossip: Spatial Mean Field Regime},
 journal = {SIGMETRICS Perform. Eval. Rev.},
 issue_date = {June 2009},
 volume = {37},
 number = {1},
 month = jun,
 year = {2009},
 issn = {0163-5999},
 pages = {109--120},
 url = {http://doi.acm.org/10.1145/2492101.1555363},
 doi = {10.1145/2492101.1555363},
 acmid = {1555363},
 publisher = {ACM},
 address = {New York, NY, USA},
 keywords = {dynamic content, epidemic, gossip, infrastructure deployment, mean field, updates},
} 



@article{benaim2008class,
  author    = {Michel Bena{\"{\i}}m and
               Jean{-}Yves Le Boudec},
  title     = {A class of mean field interaction models for computer and communication
               systems},
  journal   = {Perform. Eval.},
  volume    = {65},
  number    = {11-12},
  pages     = {823--838},
  year      = {2008},
  url       = {https://doi.org/10.1016/j.peva.2008.03.005},
  doi       = {10.1016/j.peva.2008.03.005},
  timestamp = {Sat, 27 May 2017 14:23:31 +0200},
  biburl    = {https://dblp.org/rec/bib/journals/pe/BenaimB08},
  bibsource = {dblp computer science bibliography, https://dblp.org}
}
%article{benaim2008class,
%  title={A class of mean field interaction models for computer and communication systems},
%  author={Benaim, Michel and Le Boudec, Jean-Yves},
%  journal={Performance Evaluation},
%  volume={65},
%  number={11},
%  pages={823--838},
%  year={2008},
%  publisher={Elsevier}
%}

%article{bortolussi2013continuous,
%  title={Continuous approximation of collective system behaviour: A tutorial},
%  author={Bortolussi, Luca and Hillston, Jane and Latella, Diego and Massink, Mieke},
%  journal={Performance Evaluation},
%  volume={70},
%  number={5},
%  pages={317--349},
%  year={2013},
%  publisher={Elsevier}
%}



@article{gast2012markov,
  author    = {Nicolas Gast and
               Bruno Gaujal},
  title     = {Markov chains with discontinuous drifts have differential inclusion
               limits},
  journal   = {Perform. Eval.},
  volume    = {69},
  number    = {12},
  pages     = {623--642},
  year      = {2012},
  url       = {https://doi.org/10.1016/j.peva.2012.07.003},
  doi       = {10.1016/j.peva.2012.07.003},
  timestamp = {Sat, 27 May 2017 14:23:31 +0200},
  biburl    = {https://dblp.org/rec/bib/journals/pe/GastG12},
  bibsource = {dblp computer science bibliography, https://dblp.org}
}
%article{gast2012markov,
%  title={Markov chains with discontinuous drifts have differential inclusion limits},
%  author={Gast, N. and Gaujal, B.},
%  journal={Performance Evaluation},
%  volume={69},
%  number={12},
%  pages={623--642},
%  year={2012},
%  publisher={Elsevier}
%}

@article{gastgaujal2009valuetoools,
  title={A Mean Field Approach for Optimization in Particle Systems and Applications},
  author={N. Gast and B. Gaujal},
  journal={Fourth International Conference on Performance Evaluation Methodologies and Tools, ValueTools},
  note={Best Student Paper Award},
  year={2009}
}



@article{gastgaujalDEDS,
  author    = {Nicolas Gast and
               Bruno Gaujal},
  title     = {A mean field approach for optimization in discrete time},
  journal   = {Discrete Event Dynamic Systems},
  volume    = {21},
  number    = {1},
  pages     = {63--101},
  year      = {2011},
  url       = {https://doi.org/10.1007/s10626-010-0094-3},
  doi       = {10.1007/s10626-010-0094-3},
  timestamp = {Sat, 27 May 2017 14:25:37 +0200},
  biburl    = {https://dblp.org/rec/bib/journals/deds/GastG11},
  bibsource = {dblp computer science bibliography, https://dblp.org}
}
%article{gastgaujalDEDS,
%  title={{A mean field approach for optimization in discrete time}},
%  author={Gast, N. and Gaujal, B.},
%  journal={Discrete Event Dynamic Systems},
%  issn={0924-6703},
%  year={2011},
%  publisher={Springer}
%}

@book{andersson2000,
	title = {Stochastic {Epidemic} {Models} and {Their} {Statistical} {Analysis}},
	publisher = {Springer-Verlag},
	author = {Andersson, H. and Britton, T.},
	year = {2000},
}

@book{wilkinson2006,
	title = {Stochastic {Modelling} for {Systems} {Biology}},
	publisher = {Chapman \& Hall},
	author = {Wilkinson, D.J},
	year = {2006},
	}



@inproceedings{tsitsiklis2011power,
  author    = {John N. Tsitsiklis and
               Kuang Xu},
  editor    = {Arif Merchant and
               Kimberly Keeton and
               Dan Rubenstein},
  title     = {On the power of (even a little) centralization in distributed processing},
  booktitle = {{SIGMETRICS} 2011, Proceedings of the 2011 {ACM} {SIGMETRICS} International
               Conference on Measurement and Modeling of Computer Systems, San Jose,
               CA, USA, 07-11 June 2011 (Co-located with {FCRC} 2011)},
  pages     = {161--172},
  publisher = {{ACM}},
  year      = {2011},
  url       = {http://doi.acm.org/10.1145/1993744.1993759},
  doi       = {10.1145/1993744.1993759},
  timestamp = {Fri, 11 Mar 2016 18:33:00 +0100},
  biburl    = {https://dblp.org/rec/bib/conf/sigmetrics/TsitsiklisX11},
  bibsource = {dblp computer science bibliography, https://dblp.org}
}
%article{tsitsiklis2011power,
%  title={On the power of (even a little) centralization in distributed processing},
%  author={Tsitsiklis, John N and Xu, Kuang},
%  journal={ACM SIGMETRICS Performance Evaluation Review},
%  volume={39},
%  number={1},
%  pages={121--132},
%  year={2011},
%  publisher={ACM}
%}



@inproceedings{tinnakornsrisuphap2003limit,
  author    = {Peerapol Tinnakornsrisuphap and
               Armand M. Makowski},
  title     = {Limit Behavior of {ECN/RED} Gateways Under a Large Number of {TCP}
               Flows},
  booktitle = {Proceedings {IEEE} {INFOCOM} 2003},
  pages     = {873--883},
  publisher = {{IEEE}},
  year      = {2003},
  doi       = {10.1109/INFCOM.2003.1208925},
  timestamp = {Tue, 16 May 2017 16:26:32 +0200},
  biburl    = {https://dblp.org/rec/bib/conf/infocom/TinnakornsrisuphapM03},
  bibsource = {dblp computer science bibliography, https://dblp.org}
}
%inproceedings{tinnakornsrisuphap2003limit,
%  title={Limit behavior of ECN/RED gateways under a large number of TCP flows},
%  author={Tinnakornsrisuphap, Peerapol and Makowski, Armand M},
%  booktitle={INFOCOM 2003. Twenty-Second Annual Joint Conference of the IEEE Computer and Communications. IEEE Societies},
%  volume={2},
%  pages={873--883},
%  year={2003},
%  organization={IEEE}
%}
